
@article{von_ahn_games_2006,
	title = {Games with a purpose},
	volume = {39},
	issn = {0018-9162},
	url = {http://scholar.google.ca.login.ezproxy.library.ualberta.ca/scholar?hl=en&lr=&cluster=7220788619130524050},
	issue = {6},
	pages = {96-98},
	journaltitle = {Computer},
	author = {von Ahn, L.},
	urldate = {2009-04-17},
	date = {2006-06},
	file = {ieee-gwap.pdf:/Users/dccuser/Library/Application Support/Zotero/Profiles/5ej8homi.default/zotero/storage/9UGX3936/ieee-gwap.pdf:application/pdf}
}

@book{benkler_wealth_2006,
	location = {New Haven},
	title = {Wealth of Networks},
	url = {http://cyber.law.harvard.edu/wealth_of_networks/Download_PDFs_of_the_book},
	publisher = {Yale University Press},
	author = {Benkler, Yochai},
	urldate = {2008-10-20},
	date = {2006},
	file = {Benkler_Wealth_Of_Networks.pdf:/Users/dccuser/Library/Application Support/Zotero/Profiles/5ej8homi.default/zotero/storage/EATAADGC/Benkler_Wealth_Of_Networks.pdf:application/pdf}
}

@book{howe_crowdsourcing:_2008,
	edition = {1},
	title = {Crowdsourcing: Why the Power of the Crowd Is Driving the Future of Business},
	isbn = {0307396207},
	shorttitle = {Crowdsourcing},
	pagetotal = {320},
	publisher = {Crown Business},
	author = {Howe, Jeff},
	date = {2008-08-26}
}

@book{surowiecki_wisdom_2004,
	title = {The Wisdom of Crowds},
	publisher = {Doubleday},
	author = {Surowiecki, James},
	date = {2004},
	keywords = {crowdsourcing, {ICcited}, read, sorted}
}

@article{howe_rise_2006,
	title = {The rise of crowdsourcing},
	volume = {14},
	issue = {6},
	journaltitle = {Wired Magazine},
	author = {Howe, J.},
	date = {2006},
	file = {wired-jun06-theriseofcrowdsourcing.pdf:/Users/dccuser/Library/Application Support/Zotero/Profiles/5ej8homi.default/zotero/storage/7C4PDU9A/wired-jun06-theriseofcrowdsourcing.pdf:application/pdf}
}

@article{lakhani_how_2003,
	title = {How open source software works: "free" user-to-user assistance},
	volume = {32},
	url = {http://www.sciencedirect.com/science/article/B6V77-479TM54-1/2/5672b73de696a2d8a1d68e6d5747a2cb},
	doi = {10.1016/S0048-7333(02)00095-1},
	shorttitle = {How open source software works},
	issue = {6},
	pages = {923-943},
	journaltitle = {Research Policy},
	author = {Lakhani, Karim R. and Hippel, Eric von},
	urldate = {2008-10-20},
	date = {2003-06},
	keywords = {Open source software, User innovation, User support, Virtual community},
	file = {ScienceDirect Snapshot:/Users/dccuser/Library/Application Support/Zotero/Profiles/5ej8homi.default/zotero/storage/PPCWABCT/science.html:text/html}
}

@thesis{organisciak_why_2010,
	location = {Edmonton, Alberta},
	title = {Why Bother? Examining the motivations of users in large-scale crowd-powered online initiatives},
	url = {http://hdl.handle.net/10048/1370},
	pagetotal = {167},
	school = {University of Alberta},
	type = {Thesis},
	author = {Organisciak, Peter},
	date = {2010-08-31},
	keywords = {{ICcited}, sorted}
}

@inproceedings{novotney_cheap_2010,
	location = {Stroudsburg, {PA}, {USA}},
	title = {Cheap, fast and good enough: Automatic speech recognition with non-expert transcription},
	shorttitle = {Cheap, fast and good enough},
	eventtitle = {{HLT} '10},
	pages = {207-215},
	booktitle = {Human Language Technologies: The 2010 Annual Conference of the North American Chapter of the Association for Computational Linguistics},
	booktitle = {Human Language Technologies: The 2010 Annual Conference of the North American Chapter of the Association for Computational Linguistics},
	author = {Novotney, S. and Callison-Burch, C.},
	date = {2010},
	keywords = {annotation, expertise, experts, {hcirCITE}, {hcirMidtermCITE}, mechanical turk, {mturkCITE}, turk},
	file = {Google Scholar Linked Page:/Users/dccuser/Library/Application Support/Zotero/Profiles/5ej8homi.default/zotero/storage/4P7694FR/login.html:text/html;p207-novotney (cirss-dcc-lap3's conflicted copy 2011-05-06).pdf:/Users/dccuser/Dropbox/school/LIS590tx/Lit Review/p207-novotney (cirss-dcc-lap3's conflicted copy 2011-05-06).pdf:application/pdf}
}

@inproceedings{snow_cheap_2008,
	location = {Stroudsburg, {PA}, {USA}},
	title = {Cheap and fast—but is it good?: evaluating non-expert annotations for natural language tasks},
	url = {http://dl.acm.org.proxy2.library.illinois.edu/citation.cfm?id=1613715.1613751},
	shorttitle = {Cheap and fast—but is it good?},
	pages = {254–263},
	booktitle = {Proceedings of the Conference on Empirical Methods in Natural Language Processing},
	booktitle = {Proceedings of the Conference on Empirical Methods in Natural Language Processing},
	series = {{EMNLP} '08},
	publisher = {Association for Computational Linguistics},
	author = {Snow, R. and {O'Connor}, B. and Jurafsky, D. and Ng, {A.Y.}},
	date = {2008},
	keywords = {annotation, expertise, experts, {hcirCITE}, {hcirMidtermCITE}, mechanical turk, {mturkCITE}, tagging, turk},
	file = {Google Scholar Linked Page:/Users/dccuser/Library/Application Support/Zotero/Profiles/5ej8homi.default/zotero/storage/BQTJ4D2F/login.html:text/html;p254-snow.pdf:/Users/dccuser/Dropbox/school/PHD4-Readings/HCIR Literature/p254-snow.pdf:application/pdf}
}

@article{whitehill_whose_2009,
	title = {Whose vote should count more: Optimal integration of labels from labelers of unknown expertise},
	volume = {22},
	shorttitle = {Whose vote should count more},
	pages = {2035–2043},
	journaltitle = {Advances in Neural Information Processing Systems},
	author = {Whitehill, J. and Ruvolo, P. and Wu, T. and Bergsma, J. and Movellan, J.},
	date = {2009},
	keywords = {{hcirCITE}, {hcirMidtermCITE}},
	file = {Google Scholar Linked Page:/Users/dccuser/Library/Application Support/Zotero/Profiles/5ej8homi.default/zotero/storage/PV9EWG5K/Whitehill et al. - 2009 - Whose vote should count more Optimal integration .pdf:application/pdf;Whitehill1-OptimalLabeling.pdf:/Users/dccuser/Dropbox/school/PHD4-Readings/HCIR Literature/Whitehill1-OptimalLabeling.pdf:application/pdf}
}

@article{moyle_manuscript_2010,
	title = {Manuscript transcription by crowdsourcing: Transcribe Bentham},
	volume = {20},
	url = {http://liber.library.uu.nl/publish/issues/2010-3_4/index.html?000514},
	shorttitle = {Manuscript transcription by crowdsourcing},
	issue = {3-4},
	journaltitle = {{LIBER} Quarterly},
	author = {Moyle, M. and Tonra, J. and Wallace, V.},
	urldate = {2012-02-01},
	date = {2010},
	keywords = {crowdsourcing, digital humanities, {swiftCite}},
	file = {Full Text PDF:/Users/dccuser/Library/Application Support/Zotero/Profiles/5ej8homi.default/zotero/storage/U44QXI89/Moyle et al. - 2010 - Manuscript transcription by crowdsourcing Transcr.pdf:application/pdf;Snapshot:/Users/dccuser/Library/Application Support/Zotero/Profiles/5ej8homi.default/zotero/storage/TDIV9BMK/20474.html:text/html}
}

@inproceedings{welinder_online_2010,
	title = {Online crowdsourcing: Rating annotators and obtaining cost-effective labels},
	isbn = {978-1-4244-7029-7},
	doi = {10.1109/CVPRW.2010.5543189},
	shorttitle = {Online crowdsourcing},
	eventtitle = {2010 {IEEE} Computer Society Conference on Computer Vision and Pattern Recognition Workshops ({CVPRW)}},
	language = {English},
	pages = {25-32},
	booktitle = {2010 {IEEE} Computer Society Conference on Computer Vision and Pattern Recognition Workshops ({CVPRW)}},
	booktitle = {2010 {IEEE} Computer Society Conference on Computer Vision and Pattern Recognition Workshops ({CVPRW)}},
	publisher = {{IEEE}},
	author = {Welinder, P. and Perona, P.},
	date = {2010-06-13},
	keywords = {Adaptation model, amazon mechanical turk, Computer vision, cost effective label, costing, Costs, dataset labeling service, Error analysis, {hcirCITE}, {hcirMidtermCITE}, image classification, label uncertainty, Labeling, multidimensional annotator ability measurement, multivalued continuous annotation, Noise figure, online crowdsourcing, Outsourcing, rating annotator, Web services},
	file = {welinder.pdf:/Users/dccuser/Dropbox/school/PHD4-Readings/HCIR Literature/welinder.pdf:application/pdf}
}

@inproceedings{sheng_get_2008,
	location = {New York, {NY}, {USA}},
	title = {Get another label? improving data quality and data mining using multiple, noisy labelers},
	isbn = {978-1-60558-193-4},
	url = {http://doi.acm.org.proxy2.library.illinois.edu/10.1145/1401890.1401965},
	doi = {10.1145/1401890.1401965},
	shorttitle = {Get another label?},
	pages = {614–622},
	booktitle = {Proceedings of the 14th {ACM} {SIGKDD} international conference on Knowledge discovery and data mining},
	booktitle = {Proceedings of the 14th {ACM} {SIGKDD} international conference on Knowledge discovery and data mining},
	series = {{KDD} '08},
	publisher = {{ACM}},
	author = {Sheng, Victor S. and Provost, Foster and Ipeirotis, Panagiotis G.},
	urldate = {2012-02-19},
	date = {2008},
	keywords = {data preprocessing, data selection, {hcirCITE}},
	file = {sheng.pdf:/Users/dccuser/Dropbox/school/PHD4-Readings/HCIR Literature/sheng.pdf:application/pdf}
}

@online{_lists_????,
	title = {Lists},
	url = {http://help.bibliocommons.com/en-ca/045faq/060faq_lists},
	titleaddon = {Bibliocommons},
	urldate = {2011-10-11},
	keywords = {{ICcited}, sorted}
}

@inproceedings{spiteri_social_2011,
	title = {Social discovery tools: Cataloguing meets user convenience},
	volume = {3},
	url = {http://journals.lib.washington.edu/index.php/nasko/article/view/12790},
	booktitle = {Proceedings from North American Symposium on Knowledge Organization},
	booktitle = {Proceedings from North American Symposium on Knowledge Organization},
	author = {Spiteri, Louise F.},
	date = {2011},
	keywords = {bibliocommons, {ICcited}, libraries, opac, sorted}
}

@report{holley_many_2009,
	title = {Many Hands Make Light Work: Public Collaborative {OCR} Text Correction in Australian Historic Newspapers},
	url = {http://www-prod.nla.gov.au/openpublish/index.php/nlasp/article/viewArticle/1406},
	series = {National Library of Australia Staff Papers},
	institution = {National Library of Australia},
	author = {Holley, Rose},
	date = {2009},
	keywords = {{ICcited}, sorted}
}

@book{kraut_evidence-based_????,
	location = {Cambridge, {MA}},
	title = {Evidence-based social design: Mining the social sciences to build successful online communities},
	url = {http://kraut.hciresearch.org/content/books},
	publisher = {{MIT} Press},
	author = {Kraut, {R.E.} and Resnick, P.}
}

@inproceedings{wallace_who_2011,
	title = {Who should label what? Instance allocation in multiple expert active learning},
	shorttitle = {Who should label what?},
	booktitle = {Proceedings of the {SIAM} International Conference on Data Mining ({SDM)}},
	booktitle = {Proceedings of the {SIAM} International Conference on Data Mining ({SDM)}},
	author = {Wallace, B. and Small, K. and Brodley, C. and Trikalinos, T.},
	date = {2011},
	keywords = {{hcirCITE}, {hcirMidtermCITE}},
	file = {Google Scholar Linked Page:/Users/dccuser/Library/Application Support/Zotero/Profiles/5ej8homi.default/zotero/storage/R4E4ACD6/Wallace et al. - 2011 - Who should label what Instance allocation in mult.pdf:application/pdf;wallace.pdf:/Users/dccuser/Dropbox/school/PHD4-Readings/HCIR Literature/wallace.pdf:application/pdf}
}

@article{eickhoff_increasing_2012,
	title = {Increasing cheat robustness of crowdsourcing tasks},
	issn = {1386-4564, 1573-7659},
	url = {http://www.springerlink.com/content/70807017421n1462/},
	doi = {10.1007/s10791-011-9181-9},
	journaltitle = {Information Retrieval},
	author = {Eickhoff, Carsten and Vries, Arjen P.},
	urldate = {2012-02-19},
	date = {2012-02-14},
	keywords = {{hcirCITE}, {hcirMidtermCITE}},
	file = {Eickhoff and Vries - 2012 - Increasing cheat robustness of crowdsourcing tasks.html:/Users/dccuser/Library/Application Support/Zotero/Profiles/5ej8homi.default/zotero/storage/PM8NP24R/Eickhoff and Vries - 2012 - Increasing cheat robustness of crowdsourcing tasks.html:text/html;eickhoff-cheaters.pdf:/Users/dccuser/Dropbox/papers/eickhoff-cheaters.pdf:application/pdf}
}

@inproceedings{raykar_supervised_2009,
	location = {New York, {NY}, {USA}},
	title = {Supervised learning from multiple experts: whom to trust when everyone lies a bit},
	isbn = {978-1-60558-516-1},
	url = {http://doi.acm.org.proxy2.library.illinois.edu/10.1145/1553374.1553488},
	doi = {10.1145/1553374.1553488},
	shorttitle = {Supervised learning from multiple experts},
	pages = {889–896},
	booktitle = {Proceedings of the 26th Annual International Conference on Machine Learning},
	booktitle = {Proceedings of the 26th Annual International Conference on Machine Learning},
	series = {{ICML} '09},
	publisher = {{ACM}},
	author = {Raykar, Vikas C. and Yu, Shipeng and Zhao, Linda H. and Jerebko, Anna and Florin, Charles and Valadez, Gerardo Hermosillo and Bogoni, Luca and Moy, Linda},
	urldate = {2012-02-19},
	date = {2009}
}

@inproceedings{ipeirotis_quality_2010,
	location = {New York, {NY}, {USA}},
	title = {Quality management on Amazon Mechanical Turk},
	isbn = {978-1-4503-0222-7},
	url = {http://doi.acm.org.proxy2.library.illinois.edu/10.1145/1837885.1837906},
	doi = {10.1145/1837885.1837906},
	pages = {64–67},
	booktitle = {Proceedings of the {ACM} {SIGKDD} Workshop on Human Computation},
	booktitle = {Proceedings of the {ACM} {SIGKDD} Workshop on Human Computation},
	series = {{HCOMP} '10},
	publisher = {{ACM}},
	author = {Ipeirotis, Panagiotis G. and Provost, Foster and Wang, Jing},
	urldate = {2012-02-19},
	date = {2010}
}

@article{mason_financial_2010,
	title = {Financial incentives and the "performance of crowds"},
	volume = {11},
	issn = {1931-0145},
	url = {http://doi.acm.org/10.1145/1809400.1809422},
	doi = {10.1145/1809400.1809422},
	issue = {2},
	pages = {100–108},
	journaltitle = {{SIGKDD} Explor. Newsl.},
	author = {Mason, Winter and Watts, Duncan J.},
	urldate = {2012-06-13},
	date = {2010-05},
	keywords = {candidates, crowd-sourcing, crowdsourcing, extrinsic motivation, hcir, humans in {IR}, incentives, Intrinsic motivation, mechanical turk, peer production, performance},
	file = {ee-15-p77-mason.pdf:/Users/dccuser/Dropbox/school/PhD5-Field Exam/PDFs/hcir-collabIR-and-crowdsourcing/ee-15-p77-mason.pdf:application/pdf}
}

@book{raymond_cathedral_1999,
	title = {The Cathedral and the Bazaar},
	pagetotal = {241},
	publisher = {{O'Reilly} Media},
	author = {Raymond, Eric S.},
	date = {1999}
}

@article{galton_vox_1907,
	title = {Vox populi},
	volume = {75},
	url = {http://adsabs.harvard.edu/abs/1907Natur..75..450G},
	pages = {450–451},
	journaltitle = {Nature},
	author = {Galton, Francis},
	urldate = {2013-10-22},
	date = {1907},
	file = {Snapshot:/Users/dccuser/Library/Application Support/Zotero/Profiles/5ej8homi.default/zotero/storage/AJHAXVIM/1907Natur..75..html:text/html}
}

@article{law_human_2011,
	title = {Human Computation},
	volume = {5},
	issn = {1939-4608, 1939-4616},
	url = {http://www.morganclaypool.com.proxy2.library.illinois.edu/doi/abs/10.2200/S00371ED1V01Y201107AIM013},
	doi = {10.2200/S00371ED1V01Y201107AIM013},
	issue = {3},
	pages = {1-121},
	journaltitle = {Synthesis Lectures on Artificial Intelligence and Machine Learning},
	author = {Law, Edith and Ahn, Luis von},
	urldate = {2013-09-18},
	date = {2011-06-30},
	file = {Morgan & Claypool Publishers - Synthesis Lectures on Artificial Intelligence and Machine Learning - 5(3):1 - Abstract:/Users/dccuser/Library/Application Support/Zotero/Profiles/5ej8homi.default/zotero/storage/CCKE2ZTG/S00371ED1V01Y201107AIM013.html:text/html;Morgan & Claypool Publishers - Synthesis Lectures on Artificial Intelligence and Machine Learning - 5(3):1 - Abstract:/Users/dccuser/Library/Application Support/Zotero/Profiles/5ej8homi.default/zotero/storage/BTJCHEXW/S00371ED1V01Y201107AIM013.html:text/html}
}

@article{causer_transcription_2012,
	title = {Transcription maximized; expense minimized? Crowdsourcing and editing The Collected Works of Jeremy Bentham},
	volume = {27},
	issn = {0268-1145, 1477-4615},
	url = {http://llc.oxfordjournals.org/content/27/2/119},
	doi = {10.1093/llc/fqs004},
	shorttitle = {Transcription maximized; expense minimized?},
	language = {en},
	issue = {2},
	pages = {119-137},
	journaltitle = {Literary and Linguistic Computing},
	shortjournal = {Lit Linguist Computing},
	author = {Causer, Tim and Tonra, Justin and Wallace, Valerie},
	urldate = {2013-08-26},
	date = {2012-06-01},
	file = {Snapshot:/Users/dccuser/Library/Application Support/Zotero/Profiles/5ej8homi.default/zotero/storage/SI2TC3DD/119.html:text/html}
}

@online{_what_????,
	title = {What is {reCAPTCHA?}},
	url = {http://www.google.com/recaptcha/learnmore},
	titleaddon = {{reCAPTCHA}},
	urldate = {2013-08-26}
}

@inproceedings{springer_for_2008,
	title = {For the common good: The Library of Congress Flickr pilot project},
	url = {http://www.loc.gov/rr/print/flickr_report_final.pdf},
	shorttitle = {For the common good},
	author = {Springer, Michelle and Dulabahn, Beth and Michel, Phil and Natanson, Barbara and Reser, David W. and Ellison, Nicole B. and Zinkham, Helena and Woodward, David},
	urldate = {2013-08-26},
	date = {2008},
	file = {[PDF] from loc.gov:/Users/dccuser/Library/Application Support/Zotero/Profiles/5ej8homi.default/zotero/storage/ESPKMZX7/Prints et al. - 2008 - For the common good The Library of Congress Flick.pdf:application/pdf}
}

@article{organisciak_evaluating_2012,
	title = {Evaluating rater quality and rating difficulty in online annotation activities},
	volume = {49},
	rights = {Copyright © 2012 by American Society for Information Science and Technology},
	issn = {1550-8390},
	url = {http://onlinelibrary.wiley.com/doi/10.1002/meet.14504901166/abstract},
	doi = {10.1002/meet.14504901166},
	language = {en},
	issue = {1},
	pages = {1–10},
	journaltitle = {Proceedings of the American Society for Information Science and Technology},
	author = {Organisciak, Peter and Efron, Miles and Fenlon, Katrina and Senseney, Megan},
	urldate = {2013-11-23},
	date = {2012},
	file = {Snapshot:/Users/dccuser/Library/Application Support/Zotero/Profiles/5ej8homi.default/zotero/storage/KMHITP8J/abstract;jsessionid=D2B4003B525D768D514C414B7C85E315.html:text/html}
}

@online{wales_insist_2006,
	title = {Insist on Sources},
	url = {http://lists.wikimedia.org/pipermail/wikien-l/2006-July/050773.html},
	titleaddon = {{WikiEN-l}},
	author = {Wales, Jimmy},
	date = {2006-07-19}
}

@inproceedings{finin_annotating_2010,
	location = {Stroudsburg, {PA}, {USA}},
	title = {Annotating Named Entities in Twitter Data with Crowdsourcing},
	url = {http://dl.acm.org/citation.cfm?id=1866696.1866709},
	pages = {80–88},
	booktitle = {Proceedings of the {NAACL} {HLT} 2010 Workshop on Creating Speech and Language Data with Amazon's Mechanical Turk},
	booktitle = {Proceedings of the {NAACL} {HLT} 2010 Workshop on Creating Speech and Language Data with Amazon's Mechanical Turk},
	series = {{CSLDAMT} '10},
	publisher = {Association for Computational Linguistics},
	author = {Finin, Tim and Murnane, Will and Karandikar, Anand and Keller, Nicholas and Martineau, Justin and Dredze, Mark},
	urldate = {2013-12-07},
	date = {2010},
	file = {Finin et al. - 2010 - Annotating Named Entities in Twitter Data with Cro.pdf:/Users/dccuser/Dropbox/papers/Finin et al. - 2010 - Annotating Named Entities in Twitter Data with Cro.pdf:application/pdf}
}

@inproceedings{shiells_generating_2010,
	location = {New York, {NY}, {USA}},
	title = {Generating Document Summaries from User Annotations},
	isbn = {978-1-4503-0372-9},
	url = {http://doi.acm.org.proxy2.library.illinois.edu/10.1145/1871962.1871978},
	doi = {10.1145/1871962.1871978},
	pages = {25–26},
	booktitle = {Proceedings of the Third Workshop on Exploiting Semantic Annotations in Information Retrieval},
	booktitle = {Proceedings of the Third Workshop on Exploiting Semantic Annotations in Information Retrieval},
	series = {{ESAIR} '10},
	publisher = {{ACM}},
	author = {Shiells, Karen and Alonso, Omar and Lee, Ho John},
	urldate = {2013-12-08},
	date = {2010},
	keywords = {crowdsourcing, social search, summarization, twitter},
	file = {p25-shiells.pdf:/Users/dccuser/Dropbox/papers/dissertation/p25-shiells.pdf:application/pdf}
}

@inproceedings{organisciak_incidental_2013,
	location = {Lincoln, Nebraska},
	title = {Incidental Crowdsourcing: Crowdsourcing in the Periphery},
	url = {http://dh2013.unl.edu/abstracts/ab-273.html},
	eventtitle = {Digital Humanities 2013},
	author = {Organisciak, Peter},
	date = {2013-07-17}
}

@article{efron_information_2011,
	title = {Information search and retrieval in microblogs},
	volume = {62},
	rights = {© 2011 {ASIS\&T}},
	issn = {1532-2890},
	url = {http://onlinelibrary.wiley.com.proxy2.library.illinois.edu/doi/10.1002/asi.21512/abstract},
	doi = {10.1002/asi.21512},
	language = {en},
	issue = {6},
	pages = {996–1008},
	journaltitle = {Journal of the American Society for Information Science and Technology},
	author = {Efron, Miles},
	urldate = {2013-12-08},
	date = {2011},
	file = {efron-microblog-jasist.pdf:/Users/dccuser/Dropbox/papers/dissertation/efron-microblog-jasist.pdf:application/pdf;Snapshot:/Users/dccuser/Library/Application Support/Zotero/Profiles/5ej8homi.default/zotero/storage/XX7W7A5Q/full.html:text/html}
}

@inproceedings{teevan_twittersearch:_2011,
	location = {New York, {NY}, {USA}},
	title = {{\#TwitterSearch:} A Comparison of Microblog Search and Web Search},
	isbn = {978-1-4503-0493-1},
	url = {http://doi.acm.org.proxy2.library.illinois.edu/10.1145/1935826.1935842},
	doi = {10.1145/1935826.1935842},
	shorttitle = {{\#TwitterSearch}},
	pages = {35–44},
	booktitle = {Proceedings of the Fourth {ACM} International Conference on Web Search and Data Mining},
	booktitle = {Proceedings of the Fourth {ACM} International Conference on Web Search and Data Mining},
	series = {{WSDM} '11},
	publisher = {{ACM}},
	author = {Teevan, Jaime and Ramage, Daniel and Morris, Merredith Ringel},
	urldate = {2013-12-08},
	date = {2011},
	keywords = {a, microblogging, q\&\#38, social media, social search, web search},
	file = {p35-teevan.pdf:/Users/dccuser/Dropbox/papers/dissertation/p35-teevan.pdf:application/pdf}
}

@inproceedings{efron_hashtag_2010,
	location = {New York, {NY}, {USA}},
	title = {Hashtag Retrieval in a Microblogging Environment},
	isbn = {978-1-4503-0153-4},
	url = {http://doi.acm.org.proxy2.library.illinois.edu/10.1145/1835449.1835616},
	doi = {10.1145/1835449.1835616},
	pages = {787–788},
	booktitle = {Proceedings of the 33rd International {ACM} {SIGIR} Conference on Research and Development in Information Retrieval},
	booktitle = {Proceedings of the 33rd International {ACM} {SIGIR} Conference on Research and Development in Information Retrieval},
	series = {{SIGIR} '10},
	publisher = {{ACM}},
	author = {Efron, Miles},
	urldate = {2013-12-08},
	date = {2010},
	keywords = {hashtag, microblog, relevance feedback, twitter},
	file = {p787-efron.pdf:/Users/dccuser/Dropbox/papers/dissertation/p787-efron.pdf:application/pdf}
}

@online{chen_improving_2013,
	title = {Improving Twitter search with real-time human computation},
	url = {https://blog.twitter.com/2013/improving-twitter-search-real-time-human-computation},
	titleaddon = {Twitter Engineering Blog},
	author = {Chen, Edwin and Jain, Alpa},
	urldate = {2013-12-09},
	date = {2013},
	file = {Snapshot:/Users/dccuser/Library/Application Support/Zotero/Profiles/5ej8homi.default/zotero/storage/NWJQ7G5V/improving-twitter-search-real-time-human-computation.html:text/html}
}